

@book{knuth1973,
  title={The Art of Computer Programming: Fundamental Algorithms},
  author={Knuth, Donald .E.},
  number={v. 1--2},
  isbn={9780201038217},
  series={Series in computer science and information processing},
  year={1973},
  publisher={Addison-Wesley}
}


